2775 4717
465 375 606 470 με
1001 317 1605 446 Balsa-'o
1654 359 1863 440 LAE
1952 385 2029 436 ex

467 577 650 644 Nam
691 549 848 642 cum
883 585 952 640 te
991 573 1230 658 semper
1275 569 1529 640 tantum
1556 571 1917 650 dilexerim,
1938 565 2257 662 quantum
2290 575 2365 631 tu
2390 559 2569 630 intelli·

463 707 612 772 gere
637 687 944 774 potuisti·
979 700 1121 752 tum
1171 689 1272 752 hia
1325 689 1449 753 tuis
1504 685 1675 750 saetis
1702 685 1783 750 fic
1808 681 2089 750 incensus
2115 679 2286 758 sum,
2338 693 2409 746 ut
2450 679 2573 756 nibi1

469 823 757 910 unquam
807 805 872 870 in
919 823 1132 870 amore
1177 805 1368 880 fiaerit
1422 803 1767 868 ardentius,
1848 799 2031 868 Nihil
2078 799 2165 866 est
2190 801 2396 876 enim,
2442 795 2571 860 mihi

471 931 682 1010 crede,
750 928 980 994 virtute
1029 924 1384 1001 formofiua,
1430 925 1585 989 nihil
1640 923 1981 1006 pulchrius,
2058 919 2217 988 nihil
2270 919 2572 985 amabilius.

475 1053 732 1139 Semper
759 1050 1006 1129 amavi,
1039 1061 1108 1112 ut
1155 1049 1290 1124 scis,
1346 1043 1448 1108 M.
1479 1045 1771 1122 Brutum,
1822 1057 2072 1126 propter
2118 1039 2263 1129 ejus
2298 1033 2576 1105 summunt
2686 1103 2688 1116 ,

473 1171 838 1256 ingenium,
885 1165 1261 1232 suaviffimos
1287 1183 1525 1240 morea,
1576 1164 1941 1246 fingularem
1966 1145 2384 1250 probitatem,
2424 1171 2584 1243 atque

473 1283 901 1354 constantiam.
987 1285 1242 1350 Tamen
1275 1285 1479 1348 idibus
1504 1281 1749 1346 Martiis
1777 1293 2019 1345 tantum
2049 1279 2407 1354 acceffitad
2438 1297 2587 1344 amo-

471 1397 636 1485 rem,
687 1417 759 1469 ut
807 1407 1061 1470 mirarer
1105 1403 1330 1494 locum¹
1367 1401 1541 1466 fuiss‘e
1590 1403 1867 1484 augendi
1918 1401 1987 1466 in
2036 1420 2143 1481 eo,
2206 1397 2395 1486 quod
2452 1396 2586 1461 mihi

403 1507 442 1560 ⁸
471 1521 848 1608 jampridem
896 1517 1282 1582 cumulatum
1308 1519 1497 1582 etiam
1538 1517 1878 1582 videbatur.
1968 1515 2131 1588 Quis
2174 1527 2323 1585 erat
2364 1517 2470 1598 qui
2494 1535 2592 1602 pu·
2690 1539 2692 1584 ς

477 1653 636 1706 taret
681 1638 760 1704 ad
789 1658 936 1702 eum
979 1655 1285 1716 amorem,
1327 1655 1522 1720 quem
1548 1655 1688 1720 erga
1718 1651 1781 1699 te
1808 1637 2137 1715 habebam,
2182 1635 2365 1720 pofl'e
2392 1633 2593 1718 aliquid
2692 1703 2694 1708 ,

477 1759 825 1827 accedere?
873 1754 1119 1824 tantum
1162 1757 1429 1836 accessit‚
1499 1772 1569 1823 ut
1651 1759 1805 1822 mihi
1854 1777 2022 1822 nunc
2078 1759 2367 1842 denique
2414 1777 2591 1824 amare

475 1877 710 1953 videar,
736 1891 909 1943 antea
939 1877 1232 1942 dilexiffe.
1317 1875 1524 1959 Qare
1554 1878 1708 1959 quid
1755 1877 1841 1942 est
1872 1879 2047 1963 quod
2103 1899 2221 1962 ego
2267 1896 2334 1947 te
2384 1881 2596 1958 horter,

481 2007 558 2062 ut
601 1993 884 2080 dignitati
931 2005 994 2057 et
1045 1994 1266 2074 gloriae
1309 1985 1569 2058 servias?
1602 1971 1975 2078 'proponam
2022 1995 2134 2058 tibi
2175 1991 2385 2056 claros
2428 1989 2598 2074 viros,

2678 727 2687 820 Ι

472 2103 892 2196 ἠυοάἵῖειεετε
924 2103 1121 2168 solent
1148 2109 1258 2188 qui
1286 2105 1609 2171 hortantur
1639 2107 1663 2170 ἓ
1707 2111 2034 2172 neminem
2063 2110 2267 2173 habeo
2294 2107 2599 2173 clariorem
2696 2110 2698 2124 ¹

483 2221 687 2306 quam
717 2225 1001 2309 teipsum.
1085 2223 1190 2287 Te
1220 2227 1461 2316 imitere
1490 2241 1741 2313 oportet
1768 2250 1786 2292 :
1830 2239 2043 2292 tecum
2072 2227 2195 2310 ipse
2223 2242 2446 2293 certes.
2475 2207 2487 2219 ⁴
2514 2223 2601 2290 Ne

483 2333 632 2405 licet
659 2343 924 2424 quidem
973 2343 1082 2406 tibi
1104 2342 1263 2428 jam,
1306 2345 1499 2406 tantis
1554 2347 1737 2408 rebus
1784 2344 1991 2426 gestis,
2038 2364 2170 2408 non
2218 2347 2315 2410 tui
2368 2343 2602 2410 fimilem
2699 2363 2700 2368 ¹

469 2450 628 2533 effe.
717 2463 914 2546 Qod
957 2477 1101 2528 cum
1149 2462 1230 2524 ita
1265 2460 1365 2540 fit,
1399 2461 1678 2526 hortatio
1722 2480 1856 2526 non
1897 2460 1984 2526 est
2018 2461 2371 2541 necessaria,
2420 2473 2605 2545 gratu·

471 2577 720 2653 ‘latione
749 2583 952 2665 magis·
991 2581 1294 2646 utendum
1321 2581 1429 2645 est.
1466 2579 1471 2584 ’
1512 2583 1796 2664 Contigit
1852 2583 2017 2646 enim
2050 2582 2199 2661 tibi,
2250 2583 2427 2668 quod
2458 2579 2603 2646 haud

475 2707 612 2774 'fcio
665 2725 746 2768 an
795 2701 1059 2777 nemini,
1115 2713 1186 2764 ut
1241 2701 1482 2766 summa
1541 2703 1826 2767 severitas
1890 2701 2443 2768 animadversionis
2492 2719 2605 2766 non

473 2825 687 2893 'modo
737 2843 866 2888 non
907 2821 1238 2900 invidiosa,
1271 2820 1372 2885 sed
1400 2821 1593 2885 etiam
1621 2819 1942 2904 popularis
1972 2819 2143 2900 estet,
2178 2833 2243 2886 et
2272 2820 2425 2888 cum
2450 2821 2607 2886 bonit

487 2955 810 3029 omnibus,
851 2963 993 3014 tum
1051 2949 1277 3016 infimo
1332 2943 1562 3033 cuique
1588 2953 1941 3034 gratiffima.
2036 2956 2183 3018 Hoc
2238 2955 2283 3019 si
2340 2955 2457 3020 tibi
2500 2952 2611 3045 for·

493 3059 644 3138 tuna
671 3069 946 3158 quadam
997 3069 1368 3152 contigisset,
1405 3071 1732 3152 gratularer
1780 3072 2054 3138 felicitati
2102 3086 2224 3138 tuae
2255 3095 2272 3138 ε
2302 3054 2431 3138 ⁴sed
2474 3093 2612 3138 con-

493 3189 632 3270 tigit
680 3159 1106 3268 magnitudine
1177 3185 1338 3250 cum
1387 3187 1614 3266 animi,
1696 3203 1833 3254 tum
1884 3191 2075 3255 etiam
2134 3193 2371 3272 ingenii
2446 3206 2611 3276 atque

489 3305 754 3374 consilii.
842 3307 995 3398 Legi
1039 3306 1208 3370 enim
1237 3307 1627 3372 concionem
1656 3321 1855 3374 tuam.
1946 3307 2125 3374 Nihil
2155 3310 2256 3374 illa
2280 3312 2608 3406 sapientius.

495 3425 591 3494 Ita
619 3425 1006 3512 pedetentim
1035 3439 1100 3490 et
1130 3425 1432 3508 gradatim
1465 3439 1606 3491 tum
1632 3425 1949 3534 accessus=
1925 3449 1961 3492 a
1993 3443 2055 3493 te
2086 3428 2167 3493 ad
2190 3430 2431 3496 causam
2456 3424 2609 3530 faeti,

497 3559 634 3614 tum
701 3541 984 3619 recessus,
1033 3556 1107 3610 ut
1155 3563 1250 3608 res
1306 3545 1427 3627 ipsa
1458 3545 1877 3612 maturitatem
1932 3548 2049 3613 tibi
2105 3523 2615 3633 animadvermdi

495 3663 792 3732 omnium
820 3657 1110 3729 concessu
1141 3659 1336 3726 daret.
1426 3657 1739 3732 Libe'rasti
1750 3667 1939 3748 igitur
1964 3681 2030 3732 et
2058 3671 2285 3738 urbem
2331 3670 2611 3753 periculo,

500 3791 568 3844 et
613 3781 930 3846 civitatem
981 3783 1202 3844 metu·
1243 3782 1455 3864 neq'ue
1492 3779 1693 3847 solum
1738 3779 1827 3847 ad
1876 3798 2129 3869 tempus
2146 3783 2489 3855 maximam
2510 3781 2613 3854 iiti-

479 3897 780 3965 litatem
807 3897 1100 3978 attulisti,
1121 3897 1243 3966 sed
1281 3900 1469 3966 etiam
1508 3903 1601 3967 :ad
1640 3903 1997 3990 exemplum
2048 3903 2216 3972 faeti.
2299 3905 2617 3990 Intelligere

2452 4027 2617 4094 debes
