2775 4717
853 338 1961 453 'crcERonsss‘
2336 397 2430 473 ff

276 584 436 649 'nim
473 578 738 649 celerius
767 581 918 666 legit
942 556 1240 673 praemio)
1266 581 1402 667 post
1430 584 1496 652 in
1530 584 1815 652 Africam
1852 604 1869 650 t
1916 582 2067 651 inde
2112 580 2193 649 ad
2220 583 2441 649 consu-

287 705 516 783 latum,
567 726 764 791 quem
791 705 876 769 ita
902 703 1105 787 geffit,
1156 713 1230 767 ut
1277 702 1674 787 diligentiam
1704 694 2159 804 admirarentur
2186 721 2441 780 omneS,

289 828 612 908 ingenium
696 826 1157 908 cognoscerent.
1257 820 1404 890 Pbst
1460 824 1539 888 ad
1614 822 2119 889 Mithridaticum
2198 826 2443 889 bellum

285 948 509 1013 miffus
537 948 574 1013 a
617 948 856 1025 senatu,
911 964 1044 1012 non
1084 942 1282 1013 modo
1331 944 1709 1047 opinionem
1754 946 1911 1011 vicit
1961 935 2275 1027 omnium,
2301 962 2441 1033 quae

287 1068 378 1131 de
404 1072 634 1133 virtute
661 1067 794 1152 eJ‘us
821 1083 980 1144 erat,
1031 1064 1134 1129 sed
1182 1064 1376 1129 etiam
1418 1063 1681 1147 gloriam
1712 1057 2181 1159 superiorum.)

273 1224 280 1231 -
379 1186 578 1272 quue
633 1207 715 1252 eo
763 1186 888 1251 fuit
935 1184 1302 1264 mirabilius,
1345 1184 1523 1268 quod
1566 1186 1643 1250 ab
1702 1206 1784 1249 eo
1850 1186 1979 1249 laus
2031 1186 2441 1275 imperatoria

273 1326 428 1373 non·
469 1306 818 1398 admodum
853 1286 1335 1391 exspee‘tabatur,
1385 1306 1495 1387 qui
1545 1301 2043 1370 adolescentiam·
2093 1311 2157 1369 in
2210 1304 2439 1371 forensi
2498 1340 2505 1349 ·

269 1440 509 1517 opera,
581 1427 905 1511 quaesturae·
963 1409 1342 1491 diuturnum
1391 1437 1669 1509 tempuS,
1729 1423 2017 1519 Muraenai
2075 1426 2314 1489 bellum
2367 1425 2439 1489 in

295 1548 506 1613 Ponto
543 1528 819 1630 gerente,
881 1544 948 1609 in
1009 1542 1166 1609 Afiae
1212 1552 1364 1628 pace
1422 1542 1897 1627 consumpserat.
1988 1544 2105 1609 Sed
2164 1543 2441 1609 incredi-

267 1658 430 1727 bilis
459 1663 744 1747 quaedam
779 1660 1012 1741 ingenii
1049 1660 1425 1752 magnitudo
1472 1676 1606 1723 non
1664 1658 2035 1725 desideravit
2092 1660 2436 1727 indocilem

273 1776 436 1840 usus
487 1776 889 1856 disciplinam.
978 1774 1196 1859 Itaque
1242 1773 1390 1837 cnm
1442 1787 1652 1839 totum
1699 1774 1817 1839 iter
1861 1788 1925 1837 et
1966 1776 2434 1855 navigationem
2522 1792 2531 1801 ·

269 1895 774 1979 consumpsisset.
829 1867 1062 1979 partim
1102 1897 1166 1959 in
1218 1894 1649 1977 percontando
1682 1894 1717 1959 a
1751 1896 1987 1977 peritis,
2048 1899 2276 1978 partim
2318 1917 2429 1964 -re-

271 2020 396 2083 bus
425 2016 601 2099 gestis
631 2016 931 2095 legendis,
995 2012 1062 2079 in
1116 2014 1322 2078 Asiam
1371 2012 1567 2079 factus
1619 2015 1960 2097 imperator
2017 2018 2218 2103 venit,
2276 2016 2429 2087 cum

267 2132 431 2197 effet
463 2134 662 2199 Roma
717 2130 1036 2213 profectus
1075 2130 1162 2195 rei
1203 2130 1483 2195 militaris
1526 2131 1719 2195 rudia.
1811 2132 2050 2197 Habuit
2108 2136 2279 2227 enim
2326 2137 2427 2201 di-

265 2258 488 2322 vinam
557 2207 898 2339 ςιέεηάειιῂ
935 2250 1306 2319 memoriam
1375 2244 1628 2321 rerum·
1609 2299 1630 2330 ,
1700 2256 2085 2321 verborum
2119 2256 2429 2341 majorem

265 2374 665 2441 Hortensius.
757 2374 903 2452 Sed,
958 2394 1090 2456 quo
1125 2373 1317 2457 plus
1301 2394 1367 2438 m
1408 2376 1672 2471 negotiis
1722 2376 2005 2457 gerendis
2049 2396 2175 2457 res,
2198 2360 2429 2461 quam

264 2503 464 2564 verba
517 2498 792 2581 prosunt,
848 2494 1014 2561 hoc
1032 2508 1162 2561 erat
1221 2498 1531 2562 memoria
1588 2498 1694 2562 illa
1752 2484 2171 2593 praestantior:
2196 2514 2427 2585 quam

156 2618 162 2625 ’
259 2624 450 2689 fuiffe
479 2625 544 2687 in
574 2622 1023 2702 Themistocle,
1067 2640 1262 2706 quem
1315 2619 1490 2685 facile
1515 2620 1783 2686 Graeciae
1832 2622 2178 2705 principem
2235 2626 2424 2706 poni·

258 2764 438 2823 mus,
489 2742 851 2826 singularem
870 2742 1107 2809 ferunt.
1197 2742 1331 2823 Qui
1381 2742 1645 2826 quidem
1676 2743 1865 2807 etiarn
1896 2725 2227 2831 pollicenti
2283 2746 2421 2811 cui-

259 2868 416 2930 dam
447 2865 506 2930 se
535 2878 732 2927 artem
763 2864 820 2925 ei
873 2863 1252 2955 memoriae,
1285 2883 1427 2945 quae
1459 2876 1599 2927 tum
1657 2864 1940 2943 primum
1970 2842 2421 2955 proferebatur,

256 2986 664 3061 traditurum,
697 2982 1072 3080 respondiss'e
1101 2986 1352 3062 dicitur,
1378 2982 1625 3069 oblivifii
1642 2984 1708 3070 β’
1737 2983 1897 3047 malle
1924 2976 2161 3067 discere:
2194 2982 2418 3085 cred0,

255 3106 442 3189 quod
497 3106 818 3168 haerebant
857 3108 927 3167 in
982 3107 1289 3169 memoria
1346 3102 1749 3188 quaecunque
1797 3104 2101 3179 audierat,
2144 3110 2290 3169 aut
2322 3107 2419 3169 vi-

247 3214 462 3289 derat.
553 3224 698 3287 Tali
762 3226 1018 3305 ingenio
1073 3224 1376 3317 praeditus
1436 3224 1741 3289 Lucullus
1803 3222 2170 3306 adjunxerat
2224 3224 2416 3291 etiam

247 3336 461 3433 illam,
507 3364 692 3427 quam
731 3342 1191 3408 Themistocles
1239 3343 1568 3443 spreverat,
1644 3316 2062 3439 disciplinam.
2154 3344 2411 3433 Ita'que,

249 3476 328 3527 ut
370 3462 562 3529 literis
610 3460 1064 3542 consignan1u8‚
1061 3481 1232 3547 quae
1263 3456 1702 3526 monumentis
1738 3464 2036 3529 mandare
2065 3464 2405 3529 volumus·
2382 3509 2415 3541 ‚

243 3582 338 3646 fic
383 3576 496 3645 ille
530 3582 593 3645 in
652 3584 864 3652 animo
909 3601 1006 3647 res
1035 3579 1370 3669 insculptas
1419 3584 1703 3651 habebat.

343 3688 595 3762 Tantus
626 3718 773 3779 ergo
813 3696 1154 3785 imperator
1205 3700 1269 3763 in
1304 3700 1487 3763 omni
1515 3718 1739 3781 genere
1770 3697 1923 3792 belli¹
1954 3698 2100 3776 fuit,
2146 3694 2407 3786 proeliis,

245 3814 875 3906 oppugnationibus',‘
924 3810 1240 3877 navalibus
1289 3813 1543 3900 pugniS,
1594 3811 1917 3896 totiusque
1984 3814 2127 3878 belli
2185 3812 2413 3903 instra-

243 3933 485 4001 mentis
528 3946 592 3998 et
648 3919 975 4025 apparatu,
1003 3934 1112 4003 'ut‘
1145 3932 1251 3999 ille
1301 3955 1409 4000 rex
1460 3932 1599 4023 post
1628 3932 2064 3999 Alexandrum
2093 3934 2406 3999 maximus

2236 4048 2403 4117 hunc
